@article{YZHX10,
  author    = {Cui Yu and
               Rui Zhang and
               Yaochun Huang and
               Hui Xiong},
  title     = {High-dimensional kNN joins with incremental updates},
  journal   = {GeoInformatica},
  volume    = {14},
  number    = {1},
  pages     = {55--82},
  year      = {2010}
}

@inproceedings{ZRVZ09,
  author    = {Dana Zhang and
               Kotagiri Ramamohanarao and
               Steven Versteeg and
               Rui Zhang},
  title     = {RoleVAT: Visual Assessment of Practical Need for Role Based Access
               Control},
  booktitle = {Proceedings of the 25th Annual Computer Security Applications Conference (ACSAC-09)},
  pages     = {13--22},
  year      = {2009}
}

@article{TZK09,
  author    = {Egemen Tanin and
               Rui Zhang and
               Lars Kulik},
  title     = {Spatio-temporal database research at the University of Melbourne},
  journal   = {{SIGMOD} Record},
  volume    = {38},
  number    = {3},
  pages     = {35--39},
  year      = {2009}
}

@article{NZTK08,
  author    = {Sarana Nutanong and
               Rui Zhang and
               Egemen Tanin and
               Lars Kulik},
  title     = {The V*-Diagram: a query-dependent approach to moving {KNN} queries},
  journal   = {Proceedings of the VLDB Endowment (PVLDB)},
  volume    = {1},
  number    = {1},
  pages     = {1095--1106},
  year      = {2008}
}

@article{LHNZ08,
  author    = {David B. Lomet and
               Mingsheng Hong and
               Rimma V. Nehme and
               Rui Zhang},
  title     = {Transaction time indexing with version compression},
  journal   = {Proceedings of the VLDB Endowment (PVLDB)},
  volume    = {1},
  number    = {1},
  pages     = {870--881},
  year      = {2008}
}

@inproceedings{ZLRB08,
  author    = {Rui Zhang and
               Dan Lin and
               Kotagiri Ramamohanarao and
               Elisa Bertino},
  title     = {Continuous Intersection Joins Over Moving Objects},
  booktitle = {Proceedings of the 24th International Conference on Data Engineering
               (ICDE-08)},
  pages     = {863--872},
  year      = {2008}
}

@inproceedings{AZTK08,
  author    = {Mohammed Eunus Ali and
               Rui Zhang and
               Egemen Tanin and
               Lars Kulik},
  title     = {A Motion-Aware Approach to Continuous Retrieval of 3D Objects},
  booktitle = {Proceedings of the 24th International Conference on Data Engineering,
               (ICDE-08)},
  pages     = {843--852},
  year      = {2008}
}

@inproceedings{ATZK08,
  author    = {Mohammed Eunus Ali and
               Egemen Tanin and
               Rui Zhang and
               Lars Kulik},
  title     = {Load Balancing for Moving Object Management in a {P2P} Network},
  booktitle = {Proceedings of the 13th International Conference on Database Systems for Advanced Applications
               (DASFAA-08)},
  pages     = {251--266},
  year      = {2008}
}

@inproceedings{NTZ07,
  author    = {Sarana Nutanong and
               Egemen Tanin and
               Rui Zhang},
  title     = {Visible Nearest Neighbor Queries},
  booktitle = {Proceedings of the 12th International Conference on Database Systems for Advanced Applications
               (DASFAA-07)},
  pages     = {876--883},
  year      = {2007}
}

@inproceedings{TZKO06,
  author    = {Anthony K. H. Tung and
               Rui Zhang and
               Nick Koudas and
               Beng Chin Ooi},
  title     = {Similarity Search: {A} Matching Based Approach},
  booktitle = {Proceedings of the 32nd International Conference on Very Large Data
               Bases (VLDB-06)},
  pages     = {631--642},
  year      = {2006}
}

@inproceedings{ZKOS05,
  author    = {Rui Zhang and
               Nick Koudas and
               Beng Chin Ooi and
               Divesh Srivastava},
  title     = {Multiple Aggregations Over Data Streams},
  booktitle = {Proceedings of the {ACM} {SIGMOD} International Conference on Management
               of Data (SIGMOD-05)},
  pages     = {299--310},
  year      = {2005}
}

@inproceedings{JLOZ06,
  author    = {Christian S. Jensen and 
		Dan Lin and 
		Beng Chin Ooi and 
		Rui Zhang},
  title     = {Effective Density Queries of Continuously Moving Objects},
  booktitle = {International Conference on Data Engineering (ICDE-06)},
  pages     = {71},
  year      = {2006}
}

@article{LZZ06,
  author    = {Dan Lin and
               Rui Zhang and
               Aoying Zhou},
  title     = {Indexing Fast Moving Objects for kNN Queries Based on Nearest Landmarks},
  journal   = {GeoInformatica},
  volume    = {10},
  number    = {4},
  pages     = {423--445},
  year      = {2006}
}

@inproceedings{SJLL00,
  author    = {Simonas Saltenis and
               Christian S. Jensen and
               Scott T. Leutenegger and
               Mario A. L{\'{o}}pez},
  title     = {Indexing the Positions of Continuously Moving Objects},
  booktitle = {Proceedings of the 2000 {ACM} {SIGMOD} International Conference on
               Management of Data (SIGMOD-00)},
  pages     = {331--342},
  year      = {2000}
}

@inproceedings{CJSS03,
  author    = {Charles D. Cranor and
               Theodore Johnson and
               Oliver Spatscheck and
               Vladislav Shkapenyuk},
  title     = {Gigascope: {A} Stream Database for Network Applications},
  booktitle = {Proceedings of the 2003 {ACM} {SIGMOD} International Conference on
               Management of Data (SIGMOD-03)},
  pages     = {647--651},
  year      = {2003}
}

@inproceedings{HKGT03,
  author    = {Marios Hadjieleftheriou and
               George Kollios and
               Dimitrios Gunopulos and
               Vassilis J. Tsotras},
  title     = {On-Line Discovery of Dense Areas in Spatio-temporal Databases},
  booktitle = {Proceedings of the 8th International Symposium Advances in Spatial and Temporal Databases (SSTD-03)},
  pages     = {306--324},
  year      = {2003}
}

@article{JOTYZ05,
  author    = {H. V. Jagadish and
               Beng Chin Ooi and
               Kian{-}Lee Tan and
               Cui Yu and
               Rui Zhang},
  title     = {iDistance: An adaptive B\({}^{\mbox{+}}\)-tree based indexing method
               for nearest neighbor search},
  journal   = {ACM Transactions on Data Base Systems (TODS)},
  volume    = {30},
  number    = {2},
  pages     = {364--397},
  year      = {2005}
}

@article{ZKOT05,
  author    = {Rui Zhang and
               Panos Kalnis and
               Beng Chin Ooi and
               Kian{-}Lee Tan},
  title     = {Generalized multidimensional data mapping and query processing},
  journal   = {ACM Transactions on Data Base Systems (TODS)},
  volume    = {30},
  number    = {3},
  pages     = {661--697},
  year      = {2005}
}

@inproceedings{OoiYTJ01,
  author    = {Cui Yu and
               Beng Chin Ooi and
               Kian{-}Lee Tan and
               H. V. Jagadish},
  title     = {Indexing the Distance: An Efficient Method to {KNN} Processing},
  booktitle = {Proceedings of 27th International Conference on Very
               Large Data Bases (VLDB-2001)},
  pages     = {421--430},
  year      = {2001}
}

@inproceedings{KOT004,
  author    = {Nick Koudas and
               Beng Chin Ooi and
               Kian{-}Lee Tan and
               Rui Zhang},
  title     = {Approximate {NN} queries on Streams with Guaranteed Error/performance
               Bounds},
  booktitle = {Proceedings of the 30th International Conference on Very Large
               Data Bases (VLDB-04)},
  pages     = {804--815},
  year      = {2004}
}

@inproceedings{ZOT04,
  author    = {Rui Zhang and
               Beng Chin Ooi and
               Kian{-}Lee Tan},
  title     = {Making the Pyramid Technique Robust to Query Types and Workloads},
  booktitle = {Proceedings of the 20th International Conference on Data Engineering
               (ICDE-04)},
  pages     = {313--324},
  year      = {2004}
}

@article{YZHX10,
  author    = {Cui Yu and
               Rui Zhang and
               Yaochun Huang and
               Hui Xiong},
  title     = {High-dimensional kNN joins with incremental updates},
  journal   = {GeoInformatica},
  volume    = {14},
  number    = {1},
  pages     = {55--82},
  year      = {2010}
}

@inproceedings{ZRVZ09,
  author    = {Dana Zhang and
               Kotagiri Ramamohanarao and
               Steven Versteeg and
               Rui Zhang},
  title     = {RoleVAT: Visual Assessment of Practical Need for Role Based Access
               Control},
  booktitle = {Proceedings of the 25th Annual Computer Security Applications Conference (ACSAC-09)},
  pages     = {13--22},
  year      = {2009}
}

@article{TZK09,
  author    = {Egemen Tanin and
               Rui Zhang and
               Lars Kulik},
  title     = {Spatio-temporal database research at the University of Melbourne},
  journal   = {{SIGMOD} Record},
  volume    = {38},
  number    = {3},
  pages     = {35--39},
  year      = {2009}
}

@article{NZTK08,
  author    = {Sarana Nutanong and
               Rui Zhang and
               Egemen Tanin and
               Lars Kulik},
  title     = {The V*-Diagram: a query-dependent approach to moving {KNN} queries},
  journal   = {Proceedings of the VLDB Endowment (PVLDB)},
  volume    = {1},
  number    = {1},
  pages     = {1095--1106},
  year      = {2008}
}

@article{LHNZ08,
  author    = {David B. Lomet and
               Mingsheng Hong and
               Rimma V. Nehme and
               Rui Zhang},
  title     = {Transaction time indexing with version compression},
  journal   = {Proceedings of the VLDB Endowment (PVLDB)},
  volume    = {1},
  number    = {1},
  pages     = {870--881},
  year      = {2008}
}

@inproceedings{OYTJ01,
  author    = {Cui Yu and
               Beng Chin Ooi and
               Kian{-}Lee Tan and
               H. V. Jagadish},
  title     = {Indexing the Distance: An Efficient Method to {KNN} Processing},
  booktitle = {Proceedings of 27th International Conference on Very
               Large Data Bases (VLDB-01)},
  pages     = {421--430},
  year      = {2001}
}

@inproceedings{XLOH04,
  author    = {Chenyi Xia and
               Hongjun Lu and
               Beng Chin Ooi and
               Jin Hu},
  title     = {Gorder: An Efficient Method for {KNN} Join Processing},
  booktitle = {Proceedings of the Thirtieth International Conference on Very Large
               Data Bases (VLDB-04)},
  pages     = {756--767},
  year      = {2004}
}

@article{YCWS07,
  author    = {Cui Yu and
               Bin Cui and
               Shuguang Wang and
               Jianwen Su},
  title     = {Efficient index-based {KNN} join processing for high-dimensional data},
  journal   = {Information {\&} Software Technology},
  volume    = {49},
  number    = {4},
  pages     = {332--344},
  year      = {2007}
}

@article{HBH05,
  author    = {Jacalyn M. Huband and
               James C. Bezdek and
               Richard J. Hathaway},
  title     = {bigVAT: Visual assessment of cluster tendency for large data sets},
  journal   = {Pattern Recognition},
  volume    = {38},
  number    = {11},
  pages     = {1875--1886},
  year      = {2005}
}

@inproceedings{WGBLR08,
  author    = {Liang Wang and
               Xin Geng and
               James C. Bezdek and
               Christopher Leckie and
               Kotagiri Ramamohanarao},
  title     = {SpecVAT: Enhanced Visual Cluster Analysis},
  booktitle = {Proceedings of the 8th {IEEE} International Conference on Data Mining
               {(ICDM}-08)},
  pages     = {638--647},
  year      = {2008}
}

@inproceedings{NTZ07,
  author    = {Sarana Nutanong and
               Egemen Tanin and
               Rui Zhang},
  title     = {Visible Nearest Neighbor Queries},
  booktitle = {Proceedings of the 12th International
               Conference on Database Systems for Advanced Applications ({DASFAA}-07)},
  pages     = {876--883},
  year      = {2007}
}

@article{NTZ10,
  author    = {Sarana Nutanong and
               Egemen Tanin and
               Rui Zhang},
  title     = {Incremental Evaluation of Visible Nearest Neighbor Queries},
  journal   = {{IEEE} Trans. Knowl. Data Eng.},
  volume    = {22},
  number    = {5},
  pages     = {665--681},
  year      = {2010}
}

@inproceedings{LWWZBR10,
  author    = {Xiaoyan Liu and
               Xindong Wu and
               Huaiqing Wang and
               Rui Zhang and
               James Bailey and
               Kotagiri Ramamohanarao},
  title     = {Mining distribution change in stock order streams},
  booktitle = {Proceedings of the 26th International Conference on Data Engineering
               (ICDE-10)},
  pages     = {105--108},
  year      = {2010}
}

@inproceedings{ZLRB08,
  author    = {Rui Zhang and
               Dan Lin and
               Kotagiri Ramamohanarao and
               Elisa Bertino},
  title     = {Continuous Intersection Joins Over Moving Objects},
  booktitle = {Proceedings of the 24th International Conference on Data Engineering
               (ICDE-08)},
  pages     = {863--872},
  year      = {2008}
}

@inproceedings{AZTK08,
  author    = {Mohammed Eunus Ali and
               Rui Zhang and
               Egemen Tanin and
               Lars Kulik},
  title     = {A Motion-Aware Approach to Continuous Retrieval of 3D Objects},
  booktitle = {Proceedings of the 24th International Conference on Data Engineering,
               (ICDE-08)},
  pages     = {843--852},
  year      = {2008}
}

@inproceedings{ATZK08,
  author    = {Mohammed Eunus Ali and
               Egemen Tanin and
               Rui Zhang and
               Lars Kulik},
  title     = {Load Balancing for Moving Object Management in a {P2P} Network},
  booktitle = {Proceedings of the 13th International Conference on Database Systems for Advanced Applications
               (DASFAA-08)},
  pages     = {251--266},
  year      = {2008}
}

@article{THS07,
  author    = {Egemen Tanin and
               Aaron Harwood and
               Hanan Samet},
  title     = {Using a distributed quadtree index in peer-to-peer networks},
  journal   = {Journal of {VLDB}},
  volume    = {16},
  number    = {2},
  pages     = {165--178},
  year      = {2007}
}

@article{THSNN06,
  author    = {Egemen Tanin and
               Aaron Harwood and
               Hanan Samet and
               Deepa Nayar and
               Sarana Nutanong},
  title     = {Building and Querying a {P2P} Virtual World},
  journal   = {GeoInformatica},
  volume    = {10},
  number    = {1},
  pages     = {91--116},
  year      = {2006}
}

@inproceedings{DK05,
  author    = {Matt Duckham and
               Lars Kulik},
  title     = {A Formal Model of Obfuscation and Negotiation for Location Privacy},
  booktitle = {Proceedings of the 3rd International Conference on Pervasive Computing ({PERVASIVE}-05)},
  pages     = {152--170},
  year      = {2005}
}

@inproceedings{HK07,
  author    = {Tanzima Hashem and
               Lars Kulik},
  title     = {Safeguarding Location Privacy in Wireless Ad-Hoc Networks},
  booktitle = {Proceedings of the 9th International Conference on Ubiquitous Computing},
  pages     = {372--390},
  year      = {2007}
}

@inproceedings{XTK07,
  author    = {Hairuo Xie and
               Egemen Tanin and
               Lars Kulik},
  title     = {Distributed Histograms for Processing Aggregate Data from Moving Objects},
  booktitle = {Proceedings of the 8th International Conference on Mobile Data Management ({MDM}-07)},
  pages     = {152--157},
  year      = {2007}
}

@inproceedings{ZZPTL03,
  author    = {Jun Zhang and
               Manli Zhu and
               Dimitris Papadias and
               Yufei Tao and
               Dik Lun Lee},
  title     = {Location-based Spatial Queries},
  booktitle = {Proceedings of the 2003 {ACM} {SIGMOD} International Conference on
               Management of Data},
  pages     = {443--454},
  year      = {2003}
}

@inproceedings{LS89,
  author    = {David B. Lomet and
               Betty Salzberg},
  title     = {Access Methods for Multiversion Data},
  booktitle = {Proceedings of the 1989 {ACM} {SIGMOD} International Conference on
               Management of Data},
  pages     = {315--324},
  year      = {1989}
}

@article{HSLLZ11,
  author    = {Alex Hindle and
               Jie Shao and
               Dan Lin and
               Jiaheng Lu and
               Rui Zhang},
  title     = {Clustering Web video search results based on integration of multiple
               features},
  journal   = {Journal of World Wide Web},
  volume    = {14},
  number    = {1},
  pages     = {53--73},
  year      = {2011}
}

@article{ZS10,
  author    = {Rui Zhang and
               Martin Stradling},
  title     = {The HV-tree: a Memory Hierarchy Aware Version Index},
  journal   = {{PVLDB}},
  volume    = {3},
  number    = {1},
  pages     = {397--408},
  year      = {2010}
}

@article{PZZW10,
  author    = {Chaoyi Pang and
               Rui Zhang and
               Qing Zhang and
               Junhu Wang},
  title     = {Dominating sets in directed graphs},
  journal   = {Information Science},
  volume    = {180},
  number    = {19},
  pages     = {3647--3652},
  year      = {2010}
}

@article{ZJDR10,
  author    = {Rui Zhang and
               H. V. Jagadish and
               Bing Tian Dai and
               Kotagiri Ramamohanarao},
  title     = {Optimized algorithms for predictive range and {KNN} queries on moving
               objects},
  journal   = {Information Systems},
  volume    = {35},
  number    = {8},
  pages     = {911--932},
  year      = {2010}
}

@article{YU10,
title = "Enhancing the B+-tree by dynamic node popularity caching",
journal = "Information Processing Letters",
volume = "110",
number = "7",
pages = "268 - 273",
year = "2010",
author = "Cui Yu and James Bailey and Julian Montefusco and Rui Zhang and Jiling Zhong"
}

@article{HSSZC09,
  author    = {Zi Huang and
               Heng Tao Shen and
               Jie Shao and
               Xiaofang Zhou and
               Bin Cui},
  title     = {Bounded coordinate system indexing for real-time video clip search},
  journal   = {{ACM} Trans. Inf. Syst.},
  volume    = {27},
  number    = {3},
  year      = {2009}
}

@article{SM00,
  author    = {Jianbo Shi and
               Jitendra Malik},
  title     = {Normalized Cuts and Image Segmentation},
  journal   = {{IEEE} Trans. Pattern Anal. Mach. Intell.},
  volume    = {22},
  number    = {8},
  pages     = {888--905},
  year      = {2000}
}

@ARTICLE{FD07,
    author = {Brendan J. Frey and Delbert Dueck},
    title = {Clustering by passing messages between data points},
    journal = {Science},
    year = {2007},
    volume = {315},
    pages = {2007}
}

@article{E96,
author = {G. Ewald},
title = {{Combinatorial convexity and algebraic geometry}},
year = {1996}
}

@inproceedings{RKV95,
  author    = {Nick Roussopoulos and
               Stephen Kelley and
               Fr{\'{e}}d{\'{e}}ic Vincent},
  title     = {Nearest Neighbor Queries},
  booktitle = {Proceedings of the 1995 {ACM} {SIGMOD} International Conference on
               Management of Data},
  pages     = {71--79},
  year      = {1995}
}

@inproceedings{HS95,
  author    = {G{\'{\i}}sli R. Hjaltason and
               Hanan Samet},
  title     = {Ranking in Spatial Databases},
  booktitle = {SSD-95},
  pages     = {83--95},
  year      = {1995}
}

@inproceedings{LS89,
  author    = {David B. Lomet and
               Betty Salzberg},
  title     = {Access Methods for Multiversion Data},
  booktitle = {Proceedings of the 1989 {ACM} {SIGMOD} International Conference on
               Management of Data},
  pages     = {315--324},
  year      = {1989}
}

@book{R98,
author = {Raghu Ramakrishnan},
title = {{Database Management Systems}},
year = {1998}
}

@inproceedings{ZJLLWZ10,
  author    = {Zhe Zhang and
               Jian Jiang and
               Xiaoyan Liu and
               Ricky Lau and
               Huaiqing Wang and
               Rui Zhang},
  title     = {A real time hybrid pattern matching scheme for stock time series},
  booktitle = {Proceedings of the 21st Australasian Database Conference
               (ADC-10)},
  pages     = {161--170},
  year      = {2010}
}

@inproceedings{ARSZ10,
  author    = {Elizabeth Antoine and
               Kotagiri Ramamohanarao and
               Jie Shao and
               Rui Zhang},
  title     = {Recursive partitioning method for trajectory indexing},
  booktitle = {Proceedings of the 21st Australasian Database Conference
               (ADC-10)},
  pages     = {37--46},
  year      = {2010}
}

@inproceedings{LWWZBR10,
  author    = {Xiaoyan Liu and
               Xindong Wu and
               Huaiqing Wang and
               Rui Zhang and
               James Bailey and
               Kotagiri Ramamohanarao},
  title     = {Mining distribution change in stock order streams},
  booktitle = {Proceedings of the 26th International Conference on Data Engineering
               (ICDE-10)},
  pages     = {105--108},
  year      = {2010}
}

@article{NZTK10,
  author    = {Sarana Nutanong and
               Rui Zhang and
               Egemen Tanin and
               Lars Kulik},
  title     = {Analysis and evaluation of V*-\emph{k}NN: an efficient algorithm for
               moving \emph{k}NN queries},
  journal   = {VLDB Journal},
  volume    = {19},
  number    = {3},
  pages     = {307--332},
  year      = {2010}
}

@article{NTZ10,
  author    = {Sarana Nutanong and
               Egemen Tanin and
               Rui Zhang},
  title     = {Incremental Evaluation of Visible Nearest Neighbor Queries},
  journal   = {IEEE Transactions on Knowledge and Data Engineering (TKDE)},
  volume    = {22},
  number    = {5},
  pages     = {665--681},
  year      = {2010}
}

@inproceedings{KBG04,
  author    = {Daniel Kifer and
               Shai Ben{-}David and
               Johannes Gehrke},
  title     = {Detecting Change in Data Streams},
  booktitle = {Proceedings of the 30th International Conference on Very Large
               Data Bases},
  pages     = {180--191},
  year      = {2004}
}

@article{DDD05,
  author    = {Fr{\'{e}}d{\'{e}}ric Desobry and
               Manuel Davy and
               Christian Doncarli},
  title     = {An online kernel change detection algorithm},
  journal   = {{IEEE} Trans. Signal Processing},
  volume    = {53},
  number    = {8-2},
  pages     = {2961--2974},
  year      = {2005}
}

@article{EKOP96,
  author    = {D. Easley and N. Kiefer and M. O'Hara and J. P. Paperman},
  title     = {Liquidity, information and infrequently stocks},
  journal   = {Journal of Finance},
  volume    = {51},
  number    = {4},
  pages     = {1405--1436},
  year      = {1996}
}

@inproceedings{KS97,
  author    = {Eamonn J. Keogh and
               Padhraic Smyth},
  title     = {A Probabilistic Approach to Fast Pattern Matching in Time Series Databases},
  booktitle = {Proceedings of the Third International Conference on Knowledge Discovery
               and Data Mining (KDD-97)},
  pages     = {24--30},
  year      = {1997}
}

@article{TJ05,
  author    = {Durga Toshniwal and
               Ramesh C. Joshi},
  title     = {Similarity Search in Time Series Data Using Time Weighted Slopes},
  journal   = {Informatica (Slovenia)},
  volume    = {29},
  number    = {1},
  pages     = {79--88},
  year      = {2005}
}

@article{FCLN07,
  author    = {Tak{-}Chung Fu and
               Korris Fu{-}Lai Chung and
               Robert Wing Pong Luk and
               Chak{-}man Ng},
  title     = {Stock time series pattern matching: Template-based vs. rule-based
               approaches},
  journal   = {Eng. Appl. of {AI}},
  volume    = {20},
  number    = {3},
  pages     = {347--364},
  year      = {2007}
}

@inproceedings{CEP03,
  author    = {V. Prasad Chakka and
               Adam Everspaugh and
               Jignesh M. Patel},
  title     = {Indexing Large Trajectory Data Sets With {SETI}},
  booktitle = {Proceedings of Conference on Innovative Data System Research ({CIDR}-03)},
  year      = {2003}
}

@inproceedings{NTZ07,
  author    = {Sarana Nutanong and
               Egemen Tanin and
               Rui Zhang},
  title     = {Visible Nearest Neighbor Queries},
  booktitle = {Proceedings of the 12th International Conference on Database Systems for Advanced Applications
               (DASFAA-07)},
  pages     = {876--883},
  year      = {2007}
}

@article{HS99,
  author    = {G{\'{\i}}sli R. Hjaltason and
               Hanan Samet},
  title     = {Distance Browsing in Spatial Databases},
  journal   = {{ACM} Trans. Database Syst.},
  volume    = {24},
  number    = {2},
  pages     = {265--318},
  year      = {1999}
}

@inproceedings{LLL06,
  author    = {Ken C. K. Lee and
               Wang{-}Chien Lee and
               Hong Va Leong},
  title     = {Nearest Surrounder Queries},
  booktitle = {Proceedings of the 22nd International Conference on Data Engineering,
               ({ICDE}-06)},
  pages     = {85},
  year      = {2006}
}

@inproceedings{HKZ10,
  author    = {Tanzima Hashem and
               Lars Kulik and
               Rui Zhang},
  title     = {Privacy preserving group nearest neighbor queries},
  booktitle = {Proceedings of 13th International Conference on Extending Database Technology (EDBT-10)},
  pages     = {489--500},
  year      = {2010}
}

@article{NTSZR12,
  author    = {Sarana Nutanong and
               Egemen Tanin and
               Jie Shao and
               Rui Zhang and
               Kotagiri Ramamohanarao},
  title     = {Continuous Detour Queries in Spatial Networks},
  journal   = {{IEEE} Trans. Knowl. Data Eng.},
  volume    = {24},
  number    = {7},
  pages     = {1201--1215},
  year      = {2012}
}

@article{LJZLJ11,
title={A moving-object index for efficient query processing with peer-wise location privacy},
author={Lin, Dan and Jensen, Christian S and Zhang, Rui and Xiao, Lu and Lu, Jiaheng},
journal={Proceedings of The Vldb Endowment},
volume={5},
number={1},
pages={37--48},
year={2011}}

@inproceedings{GBZ11,
  author    = {Sumukh Ghodke and
               Steven Bird and
               Rui Zhang},
  title     = {A Breadth-First Representation for Tree Matching in Large Scale Forest-Based
               Translation},
  booktitle = {Proceedings of the Fifth International Joint Conference on Natural Language Processing,
               ({IJCNLP}-11)},
  pages     = {785--793},
  year      = {2011}
}

@inproceedings{HWQZCH11,
  author    = {Jin Huang and
               Zeyi Wen and
               Jianzhong Qi and
               Rui Zhang and
               Jian Chen and
               Zhen He},
  title     = {Top-k most influential locations selection},
  booktitle = {Proceedings of the 20th {ACM} Conference on Information and Knowledge
               Management ({CIKM}-11)},
  pages     = {2377--2380},
  year      = {2011}
}

@inproceeedings{HWPTXZ11,
title={Ranking locations for facility selection based on potential influences},
author={Huang, Jin and Wen, Zeyi and Pathan, Mukaddim and Taylor, Kerry and Xue, Yuan and Zhang, Rui},
year={2011},
booktitle={37th Annual Conference of the IEEE Industrial Electronics Society (IECON-11)}
}
    
@inproceedings{MH08,
  author    = {Haitao Mi and
               Liang Huang},
  title     = {Forest-based Translation Rule Extraction},
  booktitle = {Proceedings of the 2008 Conference on Empirical Methods in Natural Language Processing
               ({EMNLP}-08)},
  pages     = {206--214},
  year      = {2008}
}

@inproceedings{PZMT03,
  author    = {Dimitris Papadias and
               Jun Zhang and
               Nikos Mamoulis and
               Yufei Tao},
  title     = {Query Processing in Spatial Network Databases},
  booktitle = {{VLDB}},
  pages     = {802--813},
  year      = {2003}
}

@inproceedings{JLO04,
  author    = {Christian S. Jensen and
               Dan Lin and
               Beng Chin Ooi},
  title     = {Query and Update Efficient B+-Tree Based Indexing of Moving Objects},
  booktitle = {Proceedings of the Thirtieth International Conference on Very Large
               Data Bases (VLDB-04)},
  pages     = {768--779},
  year      = {2004}
}

@article{MJFS01,
  author    = {Bongki Moon and
               H. V. Jagadish and
               Christos Faloutsos and
               Joel H. Saltz},
  title     = {Analysis of the Clustering Properties of the Hilbert Space-Filling
               Curve},
  journal   = {{IEEE} Trans. Knowl. Data Eng.},
  volume    = {13},
  number    = {1},
  pages     = {124--141},
  year      = {2001}
}

@article{MZLC12,
  author    = {Chunyang Ma and
               Rui Zhang and
               Xuemin Lin and
               Gang Chen},
  title     = {DuoWave: Mitigating the curse of dimensionality for uncertain data},
  journal   = {Data Knowl. Eng.},
  volume    = {76},
  pages     = {16--38},
  year      = {2012}
}

@article{NHZW12,
  author    = {Thi Nguyen and
               Zhen He and
               Rui Zhang and
               Phillip Ward},
  title     = {Boosting Moving Object Indexing through Velocity Partitioning},
  journal   = {{PVLDB}},
  volume    = {5},
  number    = {9},
  pages     = {860--871},
  year      = {2012}
}

@article{ATZR12,
  author    = {Mohammed Eunus Ali and
               Egemen Tanin and
               Rui Zhang and
               Kotagiri Ramamohanarao},
  title     = {Probabilistic Voronoi diagrams for probabilistic moving nearest neighbor
               queries},
  journal   = {Data Knowl. Eng.},
  volume    = {75},
  pages     = {1--33},
  year      = {2012}
}

@inproceedings{XZRP12,
  author    = {Zhenghua Xu and
               Rui Zhang and
               Kotagiri Ramamohanarao and
               Udaya Parampalli},
  title     = {An adaptive algorithm for online time series segmentation with error
               bound guarantee},
  booktitle = {Proceedings of the 15th International Conference on Extending Database Technology ({EDBT}-12)},
  pages     = {192--203},
  year      = {2012}
}

@inproceedings{QZKLX12,
  author    = {Jianzhong Qi and
               Rui Zhang and
               Lars Kulik and
               Dan Lin and
               Yuan Xue},
  title     = {The Min-dist Location Selection Query},
  booktitle = {Proceedings of the 28th International Conference on Data Engineering (ICDE-12)},
  pages     = {366--377},
  year      = {2012}
}

@inproceedings{SJLL00,
  author    = {Simonas Saltenis and
               Christian S. Jensen and
               Scott T. Leutenegger and
               Mario A. L{\'{o}}pez},
  title     = {Indexing the Positions of Continuously Moving Objects},
  booktitle = {Proceedings of the 2000 {ACM} {SIGMOD} International Conference on
               Management of Data},
  pages     = {331--342},
  year      = {2000}
}

@inproceedings{JLO04,
  author    = {Christian S. Jensen and
               Dan Lin and
               Beng Chin Ooi},
  title     = {Query and Update Efficient B+-Tree Based Indexing of Moving Objects},
  booktitle = {Proceedings of the Thirtieth International Conference on Very Large
               Data Bases},
  pages     = {768--779},
  year      = {2004}
}

@inproceedings{GS01,
  title={Hidden Markov Models for Endpoint Detection in Plasma Etch Processes},
  booktitle={TOSE},
  author={Xianping Ge and Padhraic Smyth},
  year={2001}
}

@inproceedings{TCXNKP05,
  author    = {Yufei Tao and
               Reynold Cheng and
               Xiaokui Xiao and
               Wang Kay Ngai and
               Ben Kao and
               Sunil Prabhakar},
  title     = {Indexing Multi-Dimensional Uncertain Data with Arbitrary Probability
               Density Functions},
  booktitle = {Proceedings of the 31st International Conference on Very Large Data
               Bases (VLDB-05)},
  pages     = {922--933},
  year      = {2005}
}

@inproceedings{LS07,
  author    = {Vebjorn Ljosa and
               Ambuj K. Singh},
  title     = {{APLA:} Indexing Arbitrary Probability Distributions},
  booktitle = {Proceedings of the 23rd International Conference on Data Engineering
               ({ICDE}-07)},
  pages     = {946--955},
  year      = {2007}
}

@article{NTSZR12,
  author    = {Sarana Nutanong and
               Egemen Tanin and
               Jie Shao and
               Rui Zhang and
               Kotagiri Ramamohanarao},
  title     = {Continuous Detour Queries in Spatial Networks},
  journal   = {{IEEE} Trans. Knowl. Data Eng.},
  volume    = {24},
  number    = {7},
  pages     = {1201--1215},
  year      = {2012}
}

@article{LJZLJ11,
title={A moving-object index for efficient query processing with peer-wise location privacy},
author={Lin, Dan and Jensen, Christian S and Zhang, Rui and Xiao, Lu and Lu, Jiaheng},
journal={Proceedings of The Vldb Endowment},
volume={5},
number={1},
pages={37--48},
year={2011}}

@inproceedings{GBZ11,
  author    = {Sumukh Ghodke and
               Steven Bird and
               Rui Zhang},
  title     = {A Breadth-First Representation for Tree Matching in Large Scale Forest-Based
               Translation},
  booktitle = {Proceedings of the Fifth International Joint Conference on Natural Language Processing,
               ({IJCNLP}-11)},
  pages     = {785--793},
  year      = {2011}
}

@inproceedings{HWQZCH11,
  author    = {Jin Huang and
               Zeyi Wen and
               Jianzhong Qi and
               Rui Zhang and
               Jian Chen and
               Zhen He},
  title     = {Top-k most influential locations selection},
  booktitle = {Proceedings of the 20th {ACM} Conference on Information and Knowledge
               Management ({CIKM}-11)},
  pages     = {2377--2380},
  year      = {2011}
}

@inproceeedings{HWPTXZ11,
title={Ranking locations for facility selection based on potential influences},
author={Huang, Jin and Wen, Zeyi and Pathan, Mukaddim and Taylor, Kerry and Xue, Yuan and Zhang, Rui},
year={2011},
booktitle={37th Annual Conference of the IEEE Industrial Electronics Society (IECON-11)}
}
    
@inproceedings{MH08,
  author    = {Haitao Mi and
               Liang Huang},
  title     = {Forest-based Translation Rule Extraction},
  booktitle = {Proceedings of the 2008 Conference on Empirical Methods in Natural Language Processing
               ({EMNLP}-08)},
  pages     = {206--214},
  year      = {2008}
}

@inproceedings{PZMT03,
  author    = {Dimitris Papadias and
               Jun Zhang and
               Nikos Mamoulis and
               Yufei Tao},
  title     = {Query Processing in Spatial Network Databases},
  booktitle = {{VLDB}},
  pages     = {802--813},
  year      = {2003}
}

@inproceedings{JLO04,
  author    = {Christian S. Jensen and
               Dan Lin and
               Beng Chin Ooi},
  title     = {Query and Update Efficient B+-Tree Based Indexing of Moving Objects},
  booktitle = {Proceedings of the Thirtieth International Conference on Very Large
               Data Bases (VLDB-04)},
  pages     = {768--779},
  year      = {2004}
}

@article{MJFS01,
  author    = {Bongki Moon and
               H. V. Jagadish and
               Christos Faloutsos and
               Joel H. Saltz},
  title     = {Analysis of the Clustering Properties of the Hilbert Space-Filling
               Curve},
  journal   = {{IEEE} Trans. Knowl. Data Eng.},
  volume    = {13},
  number    = {1},
  pages     = {124--141},
  year      = {2001}
}

@inproceedings{HZBC14,
  author    = {Jin Huang and
               Rui Zhang and
               Rajkumar Buyya and
               Jian Chen},
  title     = {{MELODY-JOIN:} Efficient Earth Mover's Distance similarity joins using
               MapReduce},
  booktitle = {30th {IEEE} International Conference on Data Engineering ({ICDE}-14)},
  pages     = {808--819},
  year      = {2014}
}

@inproceedings{XZZXHX13,
  author    = {Andy Yuan Xue and
               Rui Zhang and
               Yu Zheng and
               Xing Xie and
               Jin Huang and
               Zhenghua Xu},
  title     = {Destination prediction by sub-trajectory synthesis and privacy protection
               against such prediction},
  booktitle = {29th {IEEE} International Conference on Data Engineering ({ICDE}-13)},
  pages     = {254--265},
  year      = {2013}
}

@inproceedings{HMZ13,
  author    = {Zheng Huo and
               Xiaofeng Meng and
               Rui Zhang},
  title     = {Feel Free to Check-in: Privacy Alert against Hidden Location Inference
               Attacks in GeoSNs},
  booktitle = {Database Systems for Advanced Applications, 18th International Conference ({DASFAA}-13)},
  pages     = {377--391},
  year      = {2013}
}

@inproceedings{ZMDB08,
  author    = {Brian D. Ziebart and
               Andrew L. Maas and
               Anind K. Dey and
               J. Andrew Bagnell},
  title     = {Navigate like a cabbie: probabilistic reasoning from observed context-aware
               behavior},
  booktitle = {Proceedings of the 10th International Conference on Ubiquitous Computing  (UbiComp-08)},
  pages     = {322--331},
  year      = {2008}
}

@article{RS11,
 author = {Ruttenberg, Brian E. and Singh, Ambuj K.},
 title = {Indexing the Earth Mover's Distance Using Normal Distributions},
 journal = {Proc. VLDB Endow.},
 volume = {5},
 number = {3},
 year = {2011},
 pages = {205--216},
 numpages = {12}
} 

@inproceedings{SLJSRAEVR15,
  author    = {Christian Szegedy and
               Wei Liu and
               Yangqing Jia and
               Pierre Sermanet and
               Scott E. Reed and
               Dragomir Anguelov and
               Dumitru Erhan and
               Vincent Vanhoucke and
               Andrew Rabinovich},
  title     = {Going deeper with convolutions},
  booktitle = {{IEEE} Conference on Computer Vision and Pattern Recognition ({CVPR}-15)},
  pages     = {1--9},
  year      = {2015}
}

@article{HKZ13,
  author    = {Tanzima Hashem and
               Lars Kulik and
               Rui Zhang},
  title     = {Countering overlapping rectangle privacy attack for moving kNN queries},
  journal   = {Inf. Syst.},
  volume    = {38},
  number    = {3},
  pages     = {430--453},
  year      = {2013}
}

@article{DWXWHZ13,
  author    = {LinLin Ding and
               Guoren Wang and
               Junchang Xin and
               Xiaoyang Sean Wang and
               Shan Huang and
               Rui Zhang},
  title     = {ComMapReduce: An improvement of MapReduce with lightweight communication
               mechanisms},
  journal   = {Data Knowl. Eng.},
  volume    = {88},
  pages     = {224--247},
  year      = {2013}
}

@inproceedings{DLLZW12,
  author    = {Dongsheng Duan and
               Yuhua Li and
               Ruixuan Li and
               Rui Zhang and
               Aiming Wen},
  title     = {RankTopic: Ranking Based Topic Modeling},
  booktitle = {Proceedings of the 12th {IEEE} International Conference on Data Mining ({ICDM}-12)},
  pages     = {211--220},
  year      = {2012}
}

@inproceedings{SHCZD12,
  author    = {Yu Sun and
               Jin Huang and
               Yueguo Chen and
               Rui Zhang and
               Xiaoyong Du},
  title     = {Location selection for utility maximization with capacity constraints},
  booktitle = {Proceedings of the 21st {ACM} International Conference on Information and Knowledge Management (CIKM-12)},
  pages     = {2154--2158},
  year      = {2012}
}

@inproceedings{SHCDZ12,
  author    = {Yu Sun and
               Jin Huang and
               Yueguo Chen and
               Xiaoyong Du and
               Rui Zhang},
  title     = {Top-k Most Incremental Location Selection with Capacity Constraint},
  booktitle = {Proceedings of the 13th International Conference on Web-Age Information Management},
  pages     = {165--171},
  year      = {2012}
}

@inproceedings{NDQ06,
  author    = {Lan Nie and
               Brian D. Davison and
               Xiaoguang Qi},
  title     = {Topical link analysis for web search},
  booktitle = {Proceedings of the 29th Annual International {ACM} {SIGIR}
               Conference on Research and Development in Information Retrieval},
  pages     = {91--98},
  year      = {2006}
}

@inproceedings{Hofmann99,
  author    = {Thomas Hofmann},
  title     = {Probabilistic Latent Semantic Analysis},
  booktitle = {Proceedings of the Fifteenth Conference on Uncertainty
               in Artificial Intelligence},
  pages     = {289--296},
  year      = {1999}
}

@inproceedings{SHGY09,
  author    = {Yizhou Sun and
               Jiawei Han and
               Jing Gao and
               Yintao Yu},
  title     = {iTopicModel: Information Network-Integrated Topic Modeling},
  booktitle = {The Ninth {IEEE} International Conference on Data Mining},
  pages     = {493--502},
  year      = {2009}
}

@article{CB13,
  title={Hierarchical Relational Models for Document Networks},
  author={Jonathan Chang and David M Blei},
  journal   = {The Annals of Applied Statistics},
  volume    = {4},
  number    = {1},
  pages     = {124--150},
  year      = {2010}
}

@inproceedings{MCA06,
  author    = {Mohamed F. Mokbel and
               Chi{-}Yin Chow and
               Walid G. Aref},
  title     = {The New Casper: Query Processing for Location Services without Compromising
               Privacy},
  booktitle = {Proceedings of the 32nd International Conference on Very Large Data
               Bases},
  pages     = {763--774},
  year      = {2006}
}

@inproceedings{KL15,
  author    = {Andrej Karpathy and
               Fei{-}Fei Li},
  title     = {Deep visual-semantic alignments for generating image descriptions},
  booktitle = {{IEEE} Conference on Computer Vision and Pattern Recognition, {CVPR}
               2015, Boston, MA, USA, June 7-12, 2015},
  pages     = {3128--3137},
  year      = {2015}
}

@inproceedings{GDDM14,
  author    = {Ross B. Girshick and
               Jeff Donahue and
               Trevor Darrell and
               Jitendra Malik},
  title     = {Rich Feature Hierarchies for Accurate Object Detection and Semantic
               Segmentation},
  booktitle = {2014 {IEEE} Conference on Computer Vision and Pattern Recognition
               ({CVPR}-14)},
  pages     = {580--587},
  year      = {2014}
}

@article{SP97,
  author    = {Mike Schuster and
               Kuldip K. Paliwal},
  title     = {Bidirectional recurrent neural networks},
  journal   = {{IEEE} Trans. Signal Processing},
  volume    = {45},
  number    = {11},
  pages     = {2673--2681},
  year      = {1997}
}

@inproceedings{LZWWQ14,
  author    = {Xiaojie Lin and
               Rui Zhang and
               Zeyi Wen and
               Hongzhi Wang and
               Jianzhong Qi},
  title     = {Efficient Subgraph Matching Using GPUs},
  booktitle = {Proceedings of the 25th Australasian Database Conference on Databases Theory and Applications ({ADC}-14)},
  pages     = {74--85},
  year      = {2014}
}

@article{ZR0V14,
  author    = {Dana Zhang and
               Kotagiri Ramamohanarao and
               Rui Zhang and
               Steven Versteeg},
  title     = {Efficient Graph Based Approach to Large Scale Role Engineering},
  journal   = {Trans. Data Privacy},
  volume    = {7},
  number    = {1},
  pages     = {1--26},
  year      = {2014}
}

@article{WZXQGY14,
  author    = {Yanqiu Wang and
               Rui Zhang and
               Chuanfei Xu and
               Jianzhong Qi and
               Yu Gu and
               Ge Yu},
  title     = {Continuous visible k nearest neighbor query on moving objects},
  journal   = {Inf. Syst.},
  volume    = {44},
  pages     = {1--21},
  year      = {2014}
}

@article{ZQSH14,
  author    = {Rui Zhang and
               Jianzhong Qi and
               Martin Stradling and
               Jin Huang},
  title     = {Towards a Painless Index for Spatial Objects},
  journal   = {{ACM} Trans. Database Syst.},
  volume    = {39},
  number    = {3},
  pages     = {19:1--19:42},
  year      = {2014}
}

@inproceedings{HBZ14,
  author    = {Jiazhen He and
               James Bailey and
               Rui Zhang},
  title     = {Exploiting Transitive Similarity and Temporal Dynamics for Similarity
               Search in Heterogeneous Information Networks},
  booktitle = {Proceedings of the 19th International Conference on Database Systems for Advanced Applications ({DASFAA}-14)},
  pages     = {141--155},
  year      = {2014}
}

@inproceedings{KS97,
  author    = {Nick Koudas and
               Kenneth C. Sevcik},
  title     = {Size Separation Spatial Join},
  booktitle = {Proceedings {ACM} {SIGMOD} International Conference
               on Management of Data ({SIGMOD}-97)},
  pages     = {324--335},
  year      = {1997}
}

@article{SHYYW11,
  author    = {Yizhou Sun and
               Jiawei Han and
               Xifeng Yan and
               Philip S. Yu and
               Tianyi Wu},
  title     = {PathSim: Meta Path-Based Top-K Similarity Search in Heterogeneous
               Information Networks},
  journal   = {{PVLDB}},
  volume    = {4},
  number    = {11},
  pages     = {992--1003},
  year      = {2011}
}

@article{SWWSL12,
  author    = {Zhao Sun and
               Hongzhi Wang and
               Haixun Wang and
               Bin Shao and
               Jianzhong Li},
  title     = {Efficient Subgraph Matching on Billion Node Graphs},
  journal   = {{PVLDB}},
  volume    = {5},
  number    = {9},
  pages     = {788--799},
  year      = {2012}
}

@inproceedings{TH09,
  author    = {Graham W. Taylor and
               Geoffrey E. Hinton},
  title     = {Factored conditional restricted Boltzmann Machines for modeling motion
               style},
  booktitle = {Proceedings of the 26th Annual International Conference on Machine
               Learning ({ICML}-09)},
  pages     = {1025--1032},
  year      = {2009}
}

@inproceedings{SMH11,
  author    = {Ilya Sutskever and
               James Martens and
               Geoffrey E. Hinton},
  title     = {Generating Text with Recurrent Neural Networks},
  booktitle = {Proceedings of the 28th International Conference on Machine Learning,
               ({ICML}-11)},
  pages     = {1017--1024},
  year      = {2011}
}

@techreport{M05,
    
author = {Mahoney, M.},
    
title = {{Adaptive Weighing of Context Models for Lossless Data Compression}}, 
booktitle = {{Florida Tech. Technical Report, 2005.}},
year = {2005}}



@inproceedings{GWT10,
  author    = {Jan Gasthaus and
               Frank Wood and
               Yee Whye Teh},
  title     = {Lossless Compression Based on the Sequence Memoizer},
  booktitle = {2010 Data Compression Conference {(DCC}-10)},
  pages     = {337--345},
  year      = {2010}
}

@article{WH0Q14,
  author    = {Phillip G. D. Ward and
               Zhen He and
               Rui Zhang and
               Jianzhong Qi},
  title     = {Real-time continuous intersection joins over large sets of moving
               objects using graphic processing units},
  journal   = {{VLDB} J.},
  volume    = {23},
  number    = {6},
  pages     = {965--985},
  year      = {2014}
}

@inproceedings{WZR14,
  author    = {Zeyi Wen and
               Rui Zhang and
               Kotagiri Ramamohanarao},
  title     = {Enabling Precision/Recall Preferences for Semi-supervised {SVM} Training},
  booktitle = {Proceedings of the 23rd {ACM} International Conference on Conference
               on Information and Knowledge Management ({CIKM}-14)},
  pages     = {421--430},
  year      = {2014}
}

@article{Li0QYZ014,
  author    = {Chuanwen Li and
               Yu Gu and
               Jianzhong Qi and
               Ge Yu and
               Rui Zhang and
               Wang Yi},
  title     = {Processing Moving kNN Queries Using Influential Neighbor Sets},
  journal   = {{PVLDB}},
  volume    = {8},
  number    = {2},
  pages     = {113--124},
  year      = {2014}
}

@inproceedings{WZRQT14,
  author    = {Zeyi Wen and
               Rui Zhang and
               Kotagiri Ramamohanarao and
               Jianzhong Qi and
               Kerry L. Taylor},
  title     = {{MASCOT:} Fast and Highly Scalable {SVM} Cross-Validation Using GPUs
               and SSDs},
  booktitle = {2014 {IEEE} International Conference on Data Mining ({ICDM}-14)},
  pages     = {580--589},
  year      = {2014}
}

@article{Li0QZY15,
  author    = {Chuanwen Li and
               Yu Gu and
               Jianzhong Qi and
               Rui Zhang and
               Ge Yu},
  title     = {A safe region based approach to moving {KNN} queries in obstructed
               space},
  journal   = {Knowl. Inf. Syst.},
  volume    = {45},
  number    = {2},
  pages     = {417--451},
  year      = {2015}
}

@article{NZTK08,
  author    = {Sarana Nutanong and
               Rui Zhang and
               Egemen Tanin and
               Lars Kulik},
  title     = {The V*-Diagram: a query-dependent approach to moving {KNN} queries},
  journal   = {{PVLDB}},
  volume    = {1},
  number    = {1},
  pages     = {1095--1106},
  year      = {2008}
}

@inproceedings{J99,
  author    = {Thorsten Joachims},
  title     = {Transductive Inference for Text Classification using Support Vector
               Machines},
  booktitle = {Proceedings of the Sixteenth International Conference on Machine Learning
               {(ICML}-99)},
  pages     = {200--209},
  year      = {1999}
}

@Article{HSl06, 
  author =	"Geoffrey Hinton and Ruslan Salakhutdinov", 
  title =	"Reducing the Dimensionality of Data with Neural 
		 Networks",  
  journal =	"Science", 
  volume =	"313", 
  number =      "5786",
  pages =       "504 - 507",
  year = 	"2006",  
}

@inproceedings{SQZ015,
  author    = {Yu Sun and
               Jianzhong Qi and
               Yu Zheng and
               Rui Zhang},
  title     = {K-Nearest Neighbor Temporal Aggregate Queries},
  booktitle = {Proceedings of the 18th International Conference on Extending Database
               Technology},
  pages     = {493--504},
  year      = {2015}
}

@inproceedings{AHZ15,
  author    = {Saad Aljubayrin and
               Zhen He and
               Rui Zhang},
  title     = {Skyline Trips of Multiple POIs Categories},
  booktitle = {Proceedings of the 20th International Conference on Database Systems for Advanced Applications ({DASFAA}-15)},
  pages     = {189--206},
  year      = {2015}
}

@inproceedings{HBRZ15,
  author    = {Jiazhen He and
               James Bailey and
               Benjamin I. P. Rubinstein and
               Rui Zhang},
  title     = {Identifying At-Risk Students in Massive Open Online Courses},
  booktitle = {Proceedings of the Twenty-Ninth {AAAI} Conference on Artificial Intelligence},
  pages     = {1749--1755},
  year      = {2015}
}

@inproceedings{AQJZHW15,
  author    = {Saad Aljubayrin and
               Jianzhong Qi and
               Christian S. Jensen and
               Rui Zhang and
               Zhen He and
               Zeyi Wen},
  title     = {The safest path via safe zones},
  booktitle = {Proceedings of the 31st {IEEE} International Conference on Data Engineering ({ICDE}-15)},
  pages     = {531--542},
  year      = {2015}
}

@article{SQZCD15,
  author    = {Yu Sun and
               Jianzhong Qi and
               Rui Zhang and
               Yueguo Chen and
               Xiaoyong Du},
  title     = {MapReduce based location selection algorithm for utility maximization
               with capacity constraints},
  journal   = {Computing},
  volume    = {97},
  number    = {4},
  pages     = {403--423},
  year      = {2015}
}

@inproceedings{SHCZD12,
  author    = {Yu Sun and
               Jin Huang and
               Yueguo Chen and
               Rui Zhang and
               Xiaoyong Du},
  title     = {Location selection for utility maximization with capacity constraints},
  booktitle = {Proceedings of the 21st {ACM} International Conference on Information and Knowledge Management},
  pages     = {2154--2158},
  year      = {2012}
}

@article{HZBCW16,
  author    = {Jin Huang and
               Rui Zhang and
               Rajkumar Buyya and
               Jian Chen and
               Yongwei Wu},
  title     = {Heads-Join: Efficient Earth Mover's Distance Similarity Joins on Hadoop},
  journal   = {{IEEE} Trans. Parallel Distrib. Syst.},
  volume    = {27},
  number    = {6},
  pages     = {1660--1673},
  year      = {2016}
}

@inproceedings{HZY15,
  author    = {Jin Huang and
               Rui Zhang and
               Jeffrey Xu Yu},
  title     = {Scalable Hypergraph Learning and Processing},
  booktitle = {2015 {IEEE} International Conference on Data Mining, {ICDM} 2015},
  pages     = {775--780},
  year      = {2015}
}

@article{YXLZ15,
  author    = {Li Yang and
               Andy Yuan Xue and
               Yuan Li and
               Rui Zhang},
  title     = {Destination Prediction by Identifying and Clustering Prominent Features
               from Public Trajectory Datasets},
  journal   = {{EAI} Endorsed Trans. Scalable Information Systems},
  volume    = {2},
  number    = {5},
  pages     = {e2},
  year      = {2015}
}

@article{BDVJ03,
  author    = {Yoshua Bengio and
               R{\'{e}}jean Ducharme and
               Pascal Vincent and
               Christian Janvin},
  title     = {A Neural Probabilistic Language Model},
  journal   = {Journal of Machine Learning Research},
  volume    = {3},
  pages     = {1137--1155},
  year      = {2003}
}

@inproceedings{HZBC14,
  author    = {Jin Huang and
               Rui Zhang and
               Rajkumar Buyya and
               Jian Chen},
  title     = {{MELODY-JOIN:} Efficient Earth Mover's Distance similarity joins using
               MapReduce},
  booktitle = {{IEEE} 30th International Conference on Data Engineering ({ICDE}-14)},
  pages     = {808--819},
  year      = {2014}
}

@article{JS08,
  author    = {Edwin H. Jacox and
               Hanan Samet},
  title     = {Metric space similarity joins},
  journal   = {{ACM} Trans. Database Syst.},
  volume    = {33},
  number    = {2},
  year      = {2008}
}

@inproceedings{XZZXHX13,
  author    = {Andy Yuan Xue and
               Rui Zhang and
               Yu Zheng and
               Xing Xie and
               Jin Huang and
               Zhenghua Xu},
  title     = {Destination prediction by sub-trajectory synthesis and privacy protection
               against such prediction},
  booktitle = {29th {IEEE} International Conference on Data Engineering ({ICDE}-13)},
  pages     = {254--265},
  year      = {2013}
}

@article{NTSZR12,
  author    = {Sarana Nutanong and
               Egemen Tanin and
               Jie Shao and
               Rui Zhang and
               Kotagiri Ramamohanarao},
  title     = {Continuous Detour Queries in Spatial Networks},
  journal   = {{IEEE} Trans. Knowl. Data Eng.},
  volume    = {24},
  number    = {7},
  pages     = {1201--1215},
  year      = {2012}
}

@article{LJZLJ11,
title={A moving-object index for efficient query processing with peer-wise location privacy},
author={Lin, Dan and Jensen, Christian S and Zhang, Rui and Xiao, Lu and Lu, Jiaheng},
journal={Proceedings of The Vldb Endowment},
volume={5},
number={1},
pages={37--48},
year={2011}}

@inproceedings{GBZ11,
  author    = {Sumukh Ghodke and
               Steven Bird and
               Rui Zhang},
  title     = {A Breadth-First Representation for Tree Matching in Large Scale Forest-Based
               Translation},
  booktitle = {Proceedings of the Fifth International Joint Conference on Natural Language Processing,
               ({IJCNLP}-11)},
  pages     = {785--793},
  year      = {2011}
}

@inproceedings{HWQZCH11,
  author    = {Jin Huang and
               Zeyi Wen and
               Jianzhong Qi and
               Rui Zhang and
               Jian Chen and
               Zhen He},
  title     = {Top-k most influential locations selection},
  booktitle = {Proceedings of the 20th {ACM} Conference on Information and Knowledge
               Management ({CIKM}-11)},
  pages     = {2377--2380},
  year      = {2011}
}

@inproceeedings{HWPTXZ11,
title={Ranking locations for facility selection based on potential influences},
author={Huang, Jin and Wen, Zeyi and Pathan, Mukaddim and Taylor, Kerry and Xue, Yuan and Zhang, Rui},
year={2011},
booktitle={37th Annual Conference of the IEEE Industrial Electronics Society (IECON-11)}
}
    
@inproceedings{MH08,
  author    = {Haitao Mi and
               Liang Huang},
  title     = {Forest-based Translation Rule Extraction},
  booktitle = {Proceedings of the 2008 Conference on Empirical Methods in Natural Language Processing
               ({EMNLP}-08)},
  pages     = {206--214},
  year      = {2008}
}

@inproceedings{PZMT03,
  author    = {Dimitris Papadias and
               Jun Zhang and
               Nikos Mamoulis and
               Yufei Tao},
  title     = {Query Processing in Spatial Network Databases},
  booktitle = {{VLDB}},
  pages     = {802--813},
  year      = {2003}
}

@inproceedings{JLO04,
  author    = {Christian S. Jensen and
               Dan Lin and
               Beng Chin Ooi},
  title     = {Query and Update Efficient B+-Tree Based Indexing of Moving Objects},
  booktitle = {Proceedings of the Thirtieth International Conference on Very Large
               Data Bases (VLDB-04)},
  pages     = {768--779},
  year      = {2004}
}

@article{MJFS01,
  author    = {Bongki Moon and
               H. V. Jagadish and
               Christos Faloutsos and
               Joel H. Saltz},
  title     = {Analysis of the Clustering Properties of the Hilbert Space-Filling
               Curve},
  journal   = {{IEEE} Trans. Knowl. Data Eng.},
  volume    = {13},
  number    = {1},
  pages     = {124--141},
  year      = {2001}
}

@inproceedings{SYWXMZ16,
  author    = {Yu Sun and
               Nicholas Jing Yuan and
               Yingzi Wang and
               Xing Xie and
               Kieran McDonald and
               Rui Zhang},
  title     = {Contextual Intent Tracking for Personal Assistants},
  booktitle = {Proceedings of the 22nd {ACM} {SIGKDD} International Conference on
               Knowledge Discovery and Data Mining},
  pages     = {273--282},
  year      = {2016}
}

@inproceedings{SYXMZ16,
  author    = {Yu Sun and
               Nicholas Jing Yuan and
               Xing Xie and
               Kieran McDonald and
               Rui Zhang},
  title     = {Collaborative Nowcasting for Contextual Recommendation},
  booktitle = {Proceedings of the 25th International Conference on World Wide Web},
  pages     = {1407--1418},
  year      = {2016}
}

@inproceedings{LGQYZD16,
  author    = {Chuanwen Li and
               Yu Gu and
               Jianzhong Qi and
               Ge Yu and
               Rui Zhang and
               Qingxu Deng},
  title     = {{INSQ:} An influential neighbor set based moving kNN query processing
               system},
  booktitle = {32nd {IEEE} International Conference on Data Engineering ({ICDE}-16)},
  pages     = {1338--1341},
  year      = {2016}
}

@inproceedings{SZXQD16,
  author    = {Yu Sun and
               Rui Zhang and
               Andy Yuan Xue and
               Jianzhong Qi and
               Xiaoyong Du},
  title     = {Reverse nearest neighbor heat maps: {A} tool for influence exploration},
  booktitle = {32nd {IEEE} International Conference on Data Engineering ({ICDE}-16)},
  pages     = {966--977},
  year      = {2016}
}

@inproceedings{HRBZMC16,
  author    = {Jiazhen He and
               Benjamin I. P. Rubinstein and
               James Bailey and
               Rui Zhang and
               Sandra Milligan and
               Jeffrey Chan},
  title     = {MOOCs Meet Measurement Theory: {A} Topic-Modelling Approach},
  booktitle = {Proceedings of the Thirtieth {AAAI} Conference on Artificial Intelligence},
  pages     = {1195--1201},
  year      = {2016}
}

@article{GCFWZZ16,
  author    = {Weichao Guo and
               Kang Chen and
               Huan Feng and
               Yongwei Wu and
               Rui Zhang and
               Weimin Zheng},
  title     = {\emph{MARS}: Mobile Application Relaunching Speed-Up through Flash-Aware
               Page Swapping},
  journal   = {{IEEE} Trans. Computers},
  volume    = {65},
  number    = {3},
  pages     = {916--928},
  year      = {2016}}
}

@article{XQX0HL15,
  author    = {Andy Yuan Xue and
               Jianzhong Qi and
               Xing Xie and
               Rui Zhang and
               Jin Huang and
               Yuan Li},
  title     = {Solving the data sparsity problem in destination prediction},
  journal   = {{VLDB} J.},
  volume    = {24},
  number    = {2},
  pages     = {219--243},
  year      = {2015}
}

@inproceedings{Li0QYZD16,
  author    = {Chuanwen Li and
               Yu Gu and
               Jianzhong Qi and
               Ge Yu and
               Rui Zhang and
               Qingxu Deng},
  title     = {{INSQ:} An influential neighbor set based moving kNN query processing
               system},
  booktitle = {32nd {IEEE} International Conference on Data Engineering ({ICDE}-16)},
  pages     = {1338--1341},
  year      = {2016}
}

@article{NH0W15,
  author    = {Thi Nguyen and
               Zhen He and
               Rui Zhang and
               Phillip G. D. Ward},
  title     = {Exploiting velocity distribution skew to speed up moving object indexing},
  journal   = {Inf. Syst.},
  volume    = {51},
  pages     = {72--104},
  year      = {2015}
}

@inproceedings{SHCZD12,
  author    = {Yu Sun and
               Jin Huang and
               Yueguo Chen and
               Rui Zhang and
               Xiaoyong Du},
  title     = {Location selection for utility maximization with capacity constraints},
  booktitle = {21st {ACM} International Conference on Information and Knowledge Management
               (CIKM-12)},
  pages     = {2154--2158},
  year      = {2012}
}

@article{Li0QYZ014,
  author    = {Chuanwen Li and
               Yu Gu and
               Jianzhong Qi and
               Ge Yu and
               Rui Zhang and
               Wang Yi},
  title     = {Processing Moving kNN Queries Using Influential Neighbor Sets},
  journal   = {{PVLDB}},
  volume    = {8},
  number    = {2},
  pages     = {113--124},
  year      = {2014}
}

@article{NHZW12,
  author    = {Thi Nguyen and
               Zhen He and
               Rui Zhang and
               Phillip Ward},
  title     = {Boosting Moving Object Indexing through Velocity Partitioning},
  journal   = {{PVLDB}},
  volume    = {5},
  number    = {9},
  pages     = {860--871},
  year      = {2012}
}

@inproceedings{XZZXHX13,
  author    = {Andy Yuan Xue and
               Rui Zhang and
               Yu Zheng and
               Xing Xie and
               Jin Huang and
               Zhenghua Xu},
  title     = {Destination prediction by sub-trajectory synthesis and privacy protection
               against such prediction},
  booktitle = {29th {IEEE} International Conference on Data Engineering ({ICDE}-13)},
  pages     = {254--265},
  year      = {2013}
}

@article{ZQLWW12,
  author    = {Rui Zhang and
               Jianzhong Qi and
               Dan Lin and
               Wei Wang and
               Raymond Chi{-}Wing Wong},
  title     = {A highly optimized algorithm for continuous intersection join queries
               over moving objects},
  journal   = {{VLDB} J.},
  volume    = {21},
  number    = {4},
  pages     = {561--586},
  year      = {2012}
}

@inproceedings{TP02,
  author    = {Yufei Tao and
               Dimitris Papadias},
  title     = {Time-parameterized queries in spatio-temporal databases},
  booktitle = {Proceedings of the 2002 {ACM} {SIGMOD} International Conference on
               Management of Data},
  pages     = {334--345},
  year      = {2002}
}

@inproceedings{ZLRB08,
  author    = {Rui Zhang and
               Dan Lin and
               Kotagiri Ramamohanarao and
               Elisa Bertino},
  title     = {Continuous Intersection Joins Over Moving Objects},
  booktitle = {Proceedings of the 24th International Conference on Data Engineering
               (ICDE-08)},
  pages     = {863--872},
  year      = {2008}
}

@article{XZZXYTJZ13,
  author    = {Andy Yuan Xue and
               Rui Zhang and
               Yu Zheng and
               Xing Xie and
               Jianhui Yu and
               Yong Tang},
  title     = {DesTeller: {A} System for Destination Prediction Based on Trajectories
               with Privacy Protection},
  journal   = {{PVLDB}},
  volume    = {6},
  number    = {12},
  pages     = {1198--1201},
  year      = {2013}
}

@inproceedings{XZZXHX13,
  author    = {Andy Yuan Xue and
               Rui Zhang and
               Yu Zheng and
               Xing Xie and
               Jin Huang and
               Zhenghua Xu},
  title     = {Destination prediction by sub-trajectory synthesis and privacy protection
               against such prediction},
  booktitle = {29th {IEEE} International Conference on Data Engineering ({ICDE}-13)},
  pages     = {254--265},
  year      = {2013}
}

@article{GLJHZ14,
  author    = {Sashi Gurung and
               Dan Lin and
               Wei Jiang and
               Ali R. Hurson and
               Rui Zhang},
  title     = {Traffic Information Publication with Privacy Preservation},
  journal   = {{ACM} {TIST}},
  volume    = {5},
  number    = {3},
  pages     = {44:1--44:26},
  year      = {2014}
}

@article{QZWXYK14,
  author    = {Jianzhong Qi and
               Rui Zhang and
               Yanqiu Wang and
               Andy Yuan Xue and
               Ge Yu and
               Lars Kulik},
  title     = {The min-dist location selection and facility replacement queries},
  journal   = {World Wide Web},
  volume    = {17},
  number    = {6},
  pages     = {1261--1293},
  year      = {2014}
}

@inproceedings{QZKLX12,
  author    = {Jianzhong Qi and
               Rui Zhang and
               Lars Kulik and
               Dan Lin and
               Yuan Xue},
  title     = {The Min-dist Location Selection Query},
  booktitle = {Proceedings of the 28th International Conference on Data Engineering (ICDE-12)},
  pages     = {366--377},
  year      = {2012}
}

@article{K99,
  author    = {Jon M. Kleinberg},
  title     = {Authoritative Sources in a Hyperlinked Environment},
  journal   = {J. {ACM}},
  volume    = {46},
  number    = {5},
  pages     = {604--632},
  year      = {1999}
}

@inproceedings{DLLZW12,
  author    = {Dongsheng Duan and
               Yuhua Li and
               Ruixuan Li and
               Rui Zhang and
               Aiming Wen},
  title     = {RankTopic: Ranking Based Topic Modeling},
  booktitle = {Proceedings of the 12th {IEEE} International Conference on Data Mining ({ICDM}-12)},
  pages     = {211--220},
  year      = {2012}
}

@article{DLLZGW14,
  author    = {Dongsheng Duan and
               Yuhua Li and
               Ruixuan Li and
               Rui Zhang and
               Xiwu Gu and
               Kunmei Wen},
  title     = {LIMTopic: {A} Framework of Incorporating Link Based Importance into
               Topic Modeling},
  journal   = {{IEEE} Trans. Knowl. Data Eng.},
  volume    = {26},
  number    = {10},
  pages     = {2493--2506},
  year      = {2014}
}

@article{Qi0RWWW15,
  author    = {Jianzhong Qi and
               Rui Zhang and
               Kotagiri Ramamohanarao and
               Hongzhi Wang and
               Zeyi Wen and
               Dan Wu},
  title     = {Indexable online time series segmentation with error bound guarantee},
  journal   = {World Wide Web},
  volume    = {18},
  number    = {2},
  pages     = {359--401},
  year      = {2015}
}

@inproceedings{XZRP12,
  author    = {Zhenghua Xu and
               Rui Zhang and
               Kotagiri Ramamohanarao and
               Udaya Parampalli},
  title     = {An adaptive algorithm for online time series segmentation with error
               bound guarantee},
  booktitle = {Proceedings of the 15th International Conference on Extending Database Technology ({EDBT}-12)},
  pages     = {192--203},
  year      = {2012}
}

@article{CHWHTZ15,
  author    = {Jian Chen and
               Jin Huang and
               Zeyi Wen and
               Zhen He and
               Kerry Taylor and
               Rui Zhang},
  title     = {Analysis and evaluation of the top-k most influential location selection
               query},
  journal   = {Knowl. Inf. Syst.},
  volume    = {43},
  number    = {1},
  pages     = {181--217},
  year      = {2015}
}

@inproceedings{HWQZCH11,
  author    = {Jin Huang and
               Zeyi Wen and
               Jianzhong Qi and
               Rui Zhang and
               Jian Chen and
               Zhen He},
  title     = {Top-k most influential locations selection},
  booktitle = {Proceedings of the 20th {ACM} Conference on Information and Knowledge
               Management ({CIKM}-11)},
  pages     = {2377--2380},
  year      = {2011}
}

@article{GLFBBS09,
  author    = {Alex Graves and
               Marcus Liwicki and
               S. Fernandez and
               Roman Bertolami and
               Horst Bunke and
               J{\"{u}}rgen Schmidhuber},
  title     = {A Novel Connectionist System for Unconstrained Handwriting Recognition},
  journal   = {{IEEE} Trans. Pattern Anal. Mach. Intell.},
  volume    = {31},
  number    = {5},
  pages     = {855--868},
  year      = {2009}
}

@inproceedings{GFGS06,
  author    = {Alex Graves and
               Santiago Fern{\'{a}}ndez and
               Faustino J. Gomez and
               J{\"{u}}rgen Schmidhuber},
  title     = {Connectionist temporal classification: labelling unsegmented sequence
               data with recurrent neural networks},
  booktitle = {Machine Learning, Proceedings of the Twenty-Third International Conference
               {(ICML}-06)},
  pages     = {369--376},
  year      = {2006}
}

@inproceedings{WCB14,
  author    = {Jason Weston and
               Sumit Chopra and
               Antoine Bordes},
  title     = {Memory Networks},
  booktitle = {International Conference on
               Learning Representations},
  year      = {2015}
}

@INPROCEEDINGS{R89,
    author = {Lawrence R. Rabiner},
    title = {A tutorial on hidden Markov models and selected applications in speech recognition},
    booktitle = {PROCEEDINGS OF THE IEEE},
    year = {1989},
    pages = {257--286}
}

@article{ATZK10,
  author    = {Mohammed Eunus Ali and
               Egemen Tanin and
               Rui Zhang and
               Lars Kulik},
  title     = {A motion-aware approach for efficient evaluation of continuous queries
               on 3D object databases},
  journal   = {{VLDB} J.},
  volume    = {19},
  number    = {5},
  pages     = {603--632},
  year      = {2010}
}

@inproceedings{NZTK09,
  author    = {Sarana Nutanong and
               Rui Zhang and
               Egemen Tanin and
               Lars Kulik},
  title     = {V*-kNN: An Efficient Algorithm for Moving k Nearest Neighbor Queries},
  booktitle = {Proceedings of the 25th International Conference on Data Engineering
               ({ICDE}-09)},
  pages     = {1519--1522},
  year      = {2009}
}

@article{ZKOSZ10,
  author    = {Rui Zhang and
               Nick Koudas and
               Beng Chin Ooi and
               Divesh Srivastava and
               Pu Zhou},
  title     = {Streaming multiple aggregations using phantoms},
  journal   = {{VLDB} J.},
  volume    = {19},
  number    = {4},
  pages     = {557--583},
  year      = {2010}
}

@article{NZTK10,
  author    = {Sarana Nutanong and
               Rui Zhang and
               Egemen Tanin and
               Lars Kulik},
  title     = {Analysis and evaluation of V*-\emph{k}NN: an efficient algorithm for
               moving \emph{k}NN queries},
  journal   = {{VLDB} J.},
  volume    = {19},
  number    = {3},
  pages     = {307--332},
  year      = {2010}
}

@article{NZTK08,
  author    = {Sarana Nutanong and
               Rui Zhang and
               Egemen Tanin and
               Lars Kulik},
  title     = {The V*-Diagram: a query-dependent approach to moving {KNN} queries},
  journal   = {{PVLDB}},
  volume    = {1},
  number    = {1},
  pages     = {1095--1106},
  year      = {2008}
}

@inproceedings{AZTK08,
  author    = {Mohammed Eunus Ali and
               Rui Zhang and
               Egemen Tanin and
               Lars Kulik},
  title     = {A Motion-Aware Approach to Continuous Retrieval of 3D Objects},
  booktitle = {Proceedings of the 24th International Conference on Data Engineering,
               (ICDE-08)},
  pages     = {843--852},
  year      = {2008}
}

@inproceedings{GFGS06,
  author    = {Alex Graves and
               Santiago Fern{\'{a}}ndez and
               Faustino J. Gomez and
               J{\"{u}}rgen Schmidhuber},
  title     = {Connectionist temporal classification: labelling unsegmented sequence
               data with recurrent neural networks},
  booktitle = {Machine Learning, Proceedings of the Twenty-Third International Conference
               {(ICML}-06)},
  pages     = {369--376},
  year      = {2006}
}

@inproceedings{ZKOS05,
  author    = {Rui Zhang and
               Nick Koudas and
               Beng Chin Ooi and
               Divesh Srivastava},
  title     = {Multiple Aggregations Over Data Streams},
  booktitle = {Proceedings of the {ACM} {SIGMOD} International Conference on Management
               of Data (SIGMOD-05)},
  pages     = {299--310},
  year      = {2005}
}

@inproceedings{ZZPTL03,
  author    = {Jun Zhang and
               Manli Zhu and
               Dimitris Papadias and
               Yufei Tao and
               Dik Lun Lee},
  title     = {Location-based Spatial Queries},
  booktitle = {Proceedings of the 2003 {ACM} {SIGMOD} International Conference on
               Management of Data},
  pages     = {443--454},
  year      = {2003}
}

@inproceedings{CJSS03,
  author    = {Charles D. Cranor and
               Theodore Johnson and
               Oliver Spatscheck and
               Vladislav Shkapenyuk},
  title     = {Gigascope: {A} Stream Database for Network Applications},
  booktitle = {Proceedings of the 2003 {ACM} {SIGMOD} International Conference on
               Management of Data (SIGMOD-03)},
  pages     = {647--651},
  year      = {2003}
}

@inproceedings{SYXMZ16,
  author    = {Yu Sun and
               Nicholas Jing Yuan and
               Xing Xie and
               Kieran McDonald and
               Rui Zhang},
  title     = {Collaborative Nowcasting for Contextual Recommendation},
  booktitle = {Proceedings of the 25th International Conference on World Wide Web
               ({WWW}-2016)},
  pages     = {1407--1418},
  year      = {2016}
}